<?xml version="1.0" encoding="UTF-8"?><collection xmlns="http://www.loc.gov/MARC21/slim"><record><leader>00308nam--2200121-i-4500</leader><controlfield tag="001">000003385</controlfield><controlfield tag="002">20161230</controlfield><controlfield tag="005">20161230201025</controlfield><controlfield tag="008">060222s1000------------r-----000-0-eng-d</controlfield><datafield ind1=" " ind2=" " tag="100"><subfield code="a">Bricas Maurice</subfield></datafield><datafield ind1=" " ind2=" " tag="245"><subfield code="a">La theorie de l elasticite bidimensionelle</subfield></datafield><datafield ind1=" " ind2=" " tag="260"><subfield code="a">Paris, Gauthier - Villars, 1937</subfield></datafield><datafield ind1=" " ind2=" " tag="852"><subfield code="a">2647</subfield></datafield></record></collection>